<?xml version="1.0" encoding="UTF-8"?><collection xmlns="http://www.loc.gov/MARC21/slim"><record><leader>00394nam--2200121-i-4500</leader><controlfield tag="001">000038474</controlfield><controlfield tag="002">20161230</controlfield><controlfield tag="005">20161230201041</controlfield><controlfield tag="008">060222s1000------------r-----000-0-eng-d</controlfield><datafield ind1=" " ind2=" " tag="100"><subfield code="a">Renzoni, R., Gatti, E.And Redaelli, G</subfield></datafield><datafield ind1=" " ind2=" " tag="245"><subfield code="a">Measurement of the effect of a simple passivation process for organic vapour gm counters</subfield></datafield><datafield ind1=" " ind2=" " tag="260"><subfield code="a">Milano, Inst.Di Fisica Del Politecnico, 1960, 8p</subfield></datafield><datafield ind1=" " ind2=" " tag="852"><subfield code="a">7087</subfield></datafield></record></collection>